# my papers

@inproceedings{CIO16,
 author = {Jean Cardinal and John Iacono and Aur{\'e}lien Ooms},
 booktitle = {Annual European Symposium on Algorithms ({ESA} 2016)},
 pages = {25:1--25:17},
 series = {LIPIcs},
 title = {Solving $k$-{SUM} Using Few Linear Queries},
 volume = {57},
 year = {2016}
}

@article{BCILOS19,
author="Barba, Luis
and Cardinal, Jean
and Iacono, John
and Langerman, Stefan
and Ooms, Aur{\'e}lien
and Solomon, Noam",
title="Subquadratic Algorithms for Algebraic {3SUM}",
journal="Discrete {\&} Computational Geometry",
year="2019",
month="06",
day="01",
volume="61",
number="4",
pages="698--734"
}

@article{CCILMO19,
  author    = {Sergio Cabello and
               Jean Cardinal and
               John Iacono and
               Stefan Langerman and
               Pat Morin and
               Aur{\'{e}}lien Ooms},
  title     = {Encoding {3SUM}},
  journal   = {arXiv e-prints},
  note      = {\href{https://arxiv.org/abs/1903.02645}{arXiv:1903.02645 [cs.DS]}},
  year      = {2019}
}

@article{EHKS17,
  author    = {Esther Ezra and
               Sariel Har{-}Peled and
               Haim Kaplan and
               Micha Sharir},
  title     = {Decomposing arrangements of hyperplanes: {VC}-dimension, combinatorial
               dimension, and point location},
  journal   = {arXiv e-prints},
  note      = {\href{https://arxiv.org/abs/1712.02913}{arXiv:1712.02913 [cs.CG]}},
  year      = {2017}
}


# ksum
@article{BEHW89,
  author    = {Anselm Blumer and
               Andrzej Ehrenfeucht and
               David Haussler and
               Manfred K. Warmuth},
  title     = {Learnability and the Vapnik-Chervonenkis dimension},
  journal   = {Journal of the {ACM}},
  volume    = {36},
  number    = {4},
  pages     = {929--965},
  year      = {1989}
}

@phdthesis{F01,
  title  = {Complexit{\'{e}} et expressibilit{\'{e}} sur les r{\'{e}}els},
  author = {Herv\'e Fournier},
  year   = {2001},
  school = {{\'{E}}cole normale sup{\'{e}}rieure de Lyon},
}

@article{CFJJM10,
  title={An efficient algorithm for partial order production},
  author={Cardinal, Jean and Fiorini, Samuel and Joret, Gwena{\"e}l and
          Jungers, Rapha{\"e}l M and Munro, J. Ian},
  journal={SIAM journal on computing},
  volume={39},
  number={7},
  pages={2927--2940},
  year={2010},
  publisher={SIAM}
}

@article{CFJJM13,
  title={Sorting under partial information (without the ellipsoid algorithm)},
  author={Cardinal, Jean and Fiorini, Samuel and Joret, Gwena{\"e}l and
          Jungers, Rapha{\"e}l M and Munro, J. Ian},
  journal={Combinatorica},
  volume={33},
  number={6},
  pages={655--697},
  year={2013},
  publisher={Springer}
}

@article{SS95,
  author    = {William L. Steiger and Ileana Streinu},
  title     = {A Pseudo-Algorithmic Separation of Lines from Pseudo-Lines},
  journal   = {Information Processing Letters},
  volume    = {53},
  number    = {5},
  pages     = {295--299},
  year      = {1995}
}

@inproceedings{ACLL14,
  author    = {Amihood Amir and
               Timothy M. Chan and
               Moshe Lewenstein and
               Noa Lewenstein},
  title     = {On Hardness of Jumbled Indexing},
  booktitle = {International Colloquium on Automata, Languages, and Programming
			   ({ICALP} 2014)},
  series    = {Lecture Notes in Computer Science},
  volume    = {8572},
  pages     = {114--125},
  publisher = {Springer},
  year      = {2014},
}

@inproceedings{AVW14,
  author    = {Amir Abboud and
               Virginia Vassilevska Williams and
               Oren Weimann},
  title     = {Consequences of Faster Alignment of Sequences},
  booktitle = {International Colloquium on Automata, Languages, and Programming
               ({ICALP} 2014)},
  series    = {Lecture Notes in Computer Science},
  volume    = {8572},
  pages     = {39--51},
  publisher = {Springer},
  year      = {2014}
}

@article{Wil05,
  author    = {Ryan Williams},
  title     = {A new algorithm for optimal 2-constraint satisfaction and its implications},
  journal   = {Theoretical Computer Science},
  volume    = {348},
  number    = {2-3},
  pages     = {357--365},
  year      = {2005}
}



@article{MO01,
  author    = {Joseph S. B. Mitchell and
               Joseph O'Rourke},
  title     = {Computational Geometry Column 42},
  journal   = {International Journal of Computational Geometry \& Applications},
  volume    = {11},
  number    = {5},
  pages     = {573--582},
  year      = {2001},
}

@inproceedings{W14,
  author    = {Joshua R. Wang},
  title     = {Space-Efficient Randomized Algorithms for $k$-{SUM}},
  booktitle = {Annual European Symposium on Algorithms ({ESA} 2014)},
  series    = {Lecture Notes in Computer Science},
  volume    = {8737},
  pages     = {810--829},
  publisher = {Springer},
  year      = {2014}
}

@inproceedings{ALW14,
author="Abboud, Amir
and Lewi, Kevin
and Williams, Ryan",
title="Losing Weight by Gaining Edges",
booktitle="Annual European Symposium on Algorithms ({ESA} 2014)",
year="2014",
publisher="Springer",
pages="1--12"
}

@inproceedings{AWY15,
  author    = {Amir Abboud and
               Virginia Vassilevska Williams and
               Huacheng Yu},
  title     = {Matching Triangles and Basing Hardness on an Extremely Popular Conjecture},
  booktitle = {Symposium on Theory of Computing ({STOC} 2015)},
  pages     = {41--50},
  year      = {2015},
}

@inproceedings{CL15,
  author    = {Timothy M. Chan and
               Moshe Lewenstein},
  title     = {Clustered Integer {3SUM} via Additive Combinatorics},
  booktitle = {Symposium on Theory of Computing ({STOC} 2015)},
  pages     = {31--40},
  publisher = {{ACM}},
  year      = {2015},
}

@inproceedings{PW10,
  author    = {Mihai P{\u a}tra{\cb s}cu and
               Ryan Williams},
  title     = {On the Possibility of Faster {SAT} Algorithms},
  booktitle = {Symposium on Discrete Algorithms ({SODA} 2010)},
  pages     = {1065--1075},
  year      = {2010},
}

@article{Cla88,
  author    = {Kenneth L. Clarkson},
  title     = {A Randomized Algorithm for Closest-Point Queries},
  journal   = {{SIAM} Journal on Computing},
  volume    = {17},
  number    = {4},
  pages     = {830--847},
  year      = {1988},
}


@article{C93,
  author    = {Bernard Chazelle},
  title     = {Cutting Hyperplanes for Divide-and-Conquer},
  journal   = {Discrete {\&} Computational Geometry},
  volume    = {9},
  pages     = {145--158},
  year      = {1993},
}

@article{BDP08,
  author    = {Ilya Baran and
               Erik D. Demaine and
               Mihai P{\u a}tra{\cb s}cu},
  title     = {Subquadratic Algorithms for {3SUM}},
  journal   = {Algorithmica},
  volume    = {50},
  number    = {4},
  pages     = {584--596},
  year      = {2008},
}

@article{AC05,
  author    = {Nir Ailon and Bernard Chazelle},
  title     = {Lower bounds for linear degeneracy testing},
  journal   = {Journal of the {ACM}},
  volume    = {52},
  number    = {2},
  pages     = {157--171},
  year      = {2005},
}


@unpublished{K04,
  title={A Survey of {3SUM}-Hard Problems},
  author={King, James},
  year={2004},
  note={Not published}
}

@article{BH01,
  title={Polygon-containment and translational min-{H}ausdorff-distance between segments sets are {3SUM}-hard},
  author={Barequet, Gill and Har-Peled, Sariel},
  journal={International Journal of Computational Geometry \& Applications},
  volume={11},
  number={04},
  pages={465--474},
  year={2001},
  publisher={World Scientific}
}

@article{GO95,
  author    = {Anka Gajentaan and
               Mark H. Overmars},
  title     = {On a Class of ${O}(n^2)$ Problems in Computational Geometry},
  journal   = {Computational Geometry},
  volume    = {5},
  pages     = {165--185},
  year      = {1995},
}

@book{BCS97,
  author    = {Peter B{\"{u}}rgisser and
               Michael Clausen and
               Mohammad Amin Shokrollahi},
  title     = {Algebraic complexity theory},
  series    = {Grundlehren der mathematischen Wissenschaften},
  volume    = {315},
  publisher = {Springer},
  year      = {1997}
}

@article{Bu43,
  title={Partition of space},
  author={Buck, Robert Creighton},
  journal={The American Mathematical Monthly},
  volume={50},
  number={9},
  pages={541--544},
  year={1943},
  publisher={Taylor \& Francis}
}

@article{M02,
  title={Lectures on discrete geometry, volume 212 of},
  author={Jir{\'{\i}} Matou{\v s}ek},
  journal={Graduate Texts in Mathematics},
  pages={323--362},
  year={2002}
}

@article{C87,
  title={New applications of random sampling in computational geometry},
  author={Clarkson, Kenneth L},
  journal={Discrete \& Computational Geometry},
  volume={2},
  number={1},
  pages={195--222},
  year={1987},
  publisher={Springer}
}

@inproceedings{DL74,
  author    = {David P. Dobkin and
               Richard J. Lipton},
  title     = {On Some Generalizations of Binary Search},
  booktitle = {Symposium on Theory of Computing ({STOC} 1974)},
  pages     = {310--316},
  year      = {1974},
}

@article{Dob76,
  author    = {David P. Dobkin},
  title     = {A Nonlinear Lower Bound on Linear Search Tree Programs for Solving
               Knapsack Problems},
  journal   = {Journal of Computer and System Sciences},
  volume    = {13},
  number    = {1},
  pages     = {69--73},
  year      = {1976}
}


@article{Y82,
  author    = {Andrew Chi{-}Chih Yao},
  title     = {On Parallel Computation for the Knapsack Problem},
  journal   = {Journal of the {ACM}},
  volume    = {29},
  number    = {3},
  pages     = {898--903},
  year      = {1982},
}

@article{DL78,
  author    = {David P. Dobkin and
               Richard J. Lipton},
  title     = {A Lower Bound of the $\frac{1}{2} n^2$ on Linear Search Programs
               for the Knapsack Problem},
  journal   = {Journal of Computer and System Sciences},
  volume    = {16},
  number    = {3},
  pages     = {413--417},
  year      = {1978},
}

@article{DL79,
  author    = {David P. Dobkin and
               Richard J. Lipton},
  title     = {On the Complexity of Computations under Varying Sets of Primitives},
  journal   = {Journal of Computer and System Sciences},
  volume    = {18},
  number    = {1},
  pages     = {86--91},
  year      = {1979}
}


# 3pol

@article{Sei74,
  title={Constructions in algebra},
  author={Seidenberg, Abraham},
  journal={Transactions of the AMS},
  volume={197},
  pages={273--313},
  year={1974}
}

@article{DH88,
  author    = {James H. Davenport and
               Joos Heintz},
  title     = {Real Quantifier Elimination is Doubly Exponential},
  journal   = {Journal of Symbolic Computation},
  volume    = {5},
  number    = {1/2},
  pages     = {29--35},
  year      = {1988}
}


@inproceedings{BPR96b,
  author    = {Saugata Basu and
               Richard Pollack and
               Marie{-}Fran{\c{c}}oise Roy},
  title     = {Computing Roadmaps of Semi-Algebraic Sets (Extended Abstract)},
  booktitle = {Symposium on Theory of Computing ({STOC} 1996)},
  pages     = {168--173},
  publisher = {{ACM}},
  year      = {1996}
}


@article{BPR96a,
  author    = {Saugata Basu and
               Richard Pollack and
               Marie{-}Fran{\c{c}}oise Roy},
  title     = {On the Combinatorial and Algebraic Complexity of Quantifier Elimination},
  journal   = {Journal of the {ACM}},
  volume    = {43},
  number    = {6},
  pages     = {1002--1045},
  year      = {1996}
}

@article{MW96,
  title={On the decidability of the real exponential field},
  author={Macintyre, Angus and Wilkie, Alex J},
  year={1996}
}


@article{R68,
  author    = {Daniel Richardson},
  title     = {Some Undecidable Problems Involving Elementary Functions of a Real
               Variable},
  journal   = {The Journal of Symbolic Logic},
  volume    = {33},
  number    = {4},
  pages     = {514--520},
  year      = {1968}
}


@inproceedings{C75,
  author    = {George E. Collins},
  title     = {Hauptvortrag: Quantifier elimination for real closed fields by cylindrical
               algebraic decomposition},
  booktitle = {Proceedings of the 2nd GI Conference: Automata Theory and Formal Languages},
  series    = {Lecture Notes in Computer Science},
  volume    = {33},
  pages     = {134--183},
  publisher = {Springer},
  year      = {1975}
}

@article{RSZ16,
   author = {Orit E. Raz and
             Micha Sharir and
             Frank de Zeeuw},
    title = {The {E}lekes-{S}zab{\'{o}} Theorem in four dimensions},
  journal = {arXiv e-prints},
     year = {2016},
     note = {\href{https://arxiv.org/abs/1607.03600}{arXiv:1607.03600 [cs.CO]}}
}


@article{RSS15b,
  author    = {Orit E. Raz and
               Micha Sharir and
               Ilya D. Shkredov},
  title     = {On the number of unit-area triangles spanned by convex grids in the
               plane},
  journal   = {Computational Geometry},
  volume    = {62},
  pages     = {25--33},
  year      = {2017}
}



@inproceedings{RS15,
  author    = {Orit E. Raz and
               Micha Sharir},
  title     = {The Number of Unit-Area Triangles in the Plane: Theme and Variations},
  booktitle = {International Symposium on Computational Geometry ({SoCG} 2015)},
  series    = {LIPIcs},
  volume    = {34},
  pages     = {569--583},
  year      = {2015}
}


@inproceedings{Y76,
  author    = {David Yun},
  title     = {On square-free decomposition algorithms},
  booktitle = {Proceedings of the 3rd ACM symposium on Symbolic and algebraic computation ({SYMSAC} 1976)},
  pages     = {26--35},
  year      = {1976}
}

@article{R72,
  author    = {Michael O. Rabin},
  title     = {Proving Simultaneous Positivity of Linear Forms},
  journal   = {Journal of Computer and System Sciences},
  volume    = {6},
  number    = {6},
  pages     = {639--650},
  year      = {1972}
}

@article{Y81,
  author    = {Andrew Yao},
  title     = {A Lower Bound to Finding Convex Hulls},
  journal   = {Journal of the {ACM}},
  volume    = {28},
  number    = {4},
  pages     = {780--787},
  year      = {1981}
}


@incollection{M04,
  author    = {Bhubaneswar Mishra},
  title     = {Computational Real Algebraic Geometry},
  booktitle = {Handbook of Discrete and Computational Geometry, 2nd Edition},
  pages     = {743--764},
  publisher = {Chapman and Hall/CRC},
  year      = {2004}
}


@book{CJ12,
  title={Quantifier elimination and cylindrical algebraic decomposition},
  author={Caviness, Bob F and Johnson, Jeremy R},
  year={2012},
  publisher={Springer}
}

article{T51,
  title={A decision method for elementary algebra and geometry},
  author={Tarski, Alfred},
  year={1951},
  publisher={Rand Corporation}
}

@Inbook{T51,
  author="Tarski, Alfred",
  title="A Decision Method for Elementary Algebra and Geometry",
  bookTitle="Quantifier Elimination and Cylindrical Algebraic Decomposition",
  year="1998",
  publisher="Springer Vienna",
  address="Vienna",
  pages="24--84",
  isbn="978-3-7091-9459-1"
}


@article{RSS15,
  author    = {Orit E. Raz and
               Micha Sharir and
               J{\'{o}}zsef Solymosi},
  title     = {On Triple Intersections of Three Families of Unit Circles},
  journal   = {Discrete {\&} Computational Geometry},
  volume    = {54},
  number    = {4},
  pages     = {930--953},
  year      = {2015}
}


@article{BCDEHILPT14,
  author    = {David Bremner and
               Timothy M. Chan and
               Erik D. Demaine and
               Jeff Erickson and
               Ferran Hurtado and
               John Iacono and
               Stefan Langerman and
               Mihai P{\u a}tra{\cb s}cu and
               Perouz Taslakian},
  title     = {Necklaces, Convolutions, and {X+Y}},
  journal   = {Algorithmica},
  volume    = {69},
  number    = {2},
  pages     = {294--314},
  year      = {2014}
}

% Randomized algorithms

@incollection{CMR04,
  author    = {Otfried Cheong and
               Ketan Mulmuley and
               Edgar Ramos},
  title     = {Randomization and derandomization},
  booktitle = {Handbook of Discrete and Computational Geometry, 2nd Edition},
  pages     = {895--926},
  publisher = {Chapman and Hall/CRC},
  year      = {2004}
}

@article{Rag88,
  author    = {Prabhakar Raghavan},
  title     = {Probabilistic Construction of Deterministic Algorithms: Approximating
               Packing Integer Programs},
  journal   = {Journal of Computer and System Sciences},
  volume    = {37},
  number    = {2},
  pages     = {130--143},
  year      = {1988}
}

@book{Spe94,
  title={Ten lectures on the probabilistic method, 2nd Edition},
  author={Spencer, Joel},
  volume={64},
  year={1994},
  publisher={SIAM}
}


@article{M96,
  author    = {Jir{\'{\i}} Matou{\v s}ek},
  title     = {Derandomization in Computational Geometry},
  journal   = {Journal of Algorithms},
  volume    = {20},
  number    = {3},
  pages     = {545--580},
  year      = {1996}
}


@article{BCM99,
  author    = {Herv{\'{e}} Br{\"{o}}nnimann and
               Bernard Chazelle and
               Jir{\'{\i}} Matou{\v s}ek},
  title     = {Product Range Spaces, Sensitive Sampling, and Derandomization},
  journal   = {{SIAM} Journal on Computing},
  volume    = {28},
  number    = {5},
  pages     = {1552--1575},
  year      = {1999}
}



@article{M95,
  author    = {Jir{\'{\i}} Matou{\v s}ek},
  title     = {Approximations and Optimal Geometric Divide-and-Conquer},
  journal   = {Journal of Computer and System Sciences},
  volume    = {50},
  number    = {2},
  pages     = {203--208},
  year      = {1995}
}

@article{CM96,
  author    = {Bernard Chazelle and
               Jir{\'{\i}} Matou{\v s}ek},
  title     = {On Linear-Time Deterministic Algorithms for Optimization Problems
               in Fixed Dimension},
  journal   = {Journal of Algorithms},
  volume    = {21},
  number    = {3},
  pages     = {579--597},
  year      = {1996}
}

@article{MPVd16,
   author = {{Nassajian Mojarrad}, H. and {Pham}, T. and {Valculescu}, C. and {de Zeeuw}, F.},
    title = {{Schwartz-Zippel} bounds for two-dimensional products},
  journal = {arXiv e-prints},
     year = {2016},
     note = {\href{https://arxiv.org/abs/1507.08181}{arXiv:1507.08181 [cs.CO]}}
}

@book{Har13,
  title={Algebraic geometry: a first course},
  author={Harris, Joe},
  volume={133},
  year={2013},
  publisher={Springer}
}

@book{Har77,
  title={Algebraic geometry},
  author={Hartshorne, Robin},
  volume={52},
  year={1977},
  publisher={Springer}
}

@book{CLO07,
  author    = {Cox, David and Little, John and O'shea, Donal},
  title     = {Ideals, Varieties, and Algorithms: An Introduction to
			   Computational Algebraic Geometry and Commutative Algebra},
  publisher = {Springer},
  series    = {Undergraduate Texts in Mathematics},
  year      = {2007},
}

@article{Cha08,
  author    = {Timothy M. Chan},
  title     = {All-Pairs Shortest Paths with Real Weights in ${O}(n^3/\log n)$ Time},
  journal   = {Algorithmica},
  volume    = {50},
  number    = {2},
  pages     = {236--243},
  year      = {2008}
}

@article{Cha10,
  author    = {Timothy M. Chan},
  title     = {More Algorithms for All-Pairs Shortest Paths in Weighted Graphs},
  journal   = {{SIAM} Journal on Computing},
  volume    = {39},
  number    = {5},
  pages     = {2075--2089},
  year      = {2010}
}


@article{BDP08,
  author    = {Ilya Baran and
               Erik D. Demaine and
               Mihai P{\u a}tra{\cb s}cu},
  title     = {Subquadratic Algorithms for {3SUM}},
  journal   = {Algorithmica},
  volume    = {50},
  number    = {4},
  pages     = {584--596},
  year      = {2008}
}

@article{AC05,
  author    = {Nir Ailon and
               Bernard Chazelle},
  title     = {Lower bounds for linear degeneracy testing},
  journal   = {Journal of the {ACM}},
  volume    = {52},
  number    = {2},
  pages     = {157--171},
  year      = {2005}
}

@book{PS85,
  author    = {Franco P. Preparata and
               Michael Ian Shamos},
  title     = {Computational Geometry --- An Introduction},
  series    = {Texts and Monographs in Computer Science},
  publisher = {Springer},
  year      = {1985}
}

@inproceedings{CGIMPS16,
  author    = {Marco L. Carmosino and
               Jiawei Gao and
               Russell Impagliazzo and
               Ivan Mihajlin and
               Ramamohan Paturi and
               Stefan Schneider},
  title     = {Nondeterministic Extensions of the Strong Exponential Time Hypothesis
               and Consequences for Non-reducibility},
  booktitle = {Proceedings of the 7th Innovations in Theoretical Computer Science ({ITCS} 2016) conference},
  pages     = {261--270},
  publisher = {{ACM}},
  year      = {2016}
}

@inproceedings{HKNS15,
  author    = {Monika Henzinger and
               Sebastian Krinninger and
               Danupon Nanongkai and
               Thatchaphol Saranurak},
  title     = {Unifying and Strengthening Hardness for Dynamic Problems via the Online
               Matrix-Vector Multiplication Conjecture},
  booktitle = {Symposium on Theory of Computing ({STOC} 2015)},
  pages     = {21--30},
  publisher = {{ACM}},
  year      = {2015}
}


@inproceedings{KPP16,
  author    = {Tsvi Kopelowitz and
               Seth Pettie and
               Ely Porat},
  title     = {Higher Lower Bounds from the {3SUM} Conjecture},
  booktitle = {Symposium on Discrete Algorithms ({SODA} 2016)},
  pages     = {1272--1287},
  publisher = {{SIAM}},
  year      = {2016}
}


@inproceedings{AV14,
  author    = {Amir Abboud and
               Virginia Vassilevska Williams},
  title     = {Popular Conjectures Imply Strong Lower Bounds for Dynamic Problems},
  booktitle = {Foundations of Computer Science ({FOCS} 2014)},
  pages     = {434--443},
  publisher = {{IEEE} Computer Society},
  year      = {2014}
}

@inproceedings{Pa10,
  author    = {Mihai P{\u a}tra{\cb s}cu},
  title     = {Towards polynomial lower bounds for dynamic problems},
  booktitle = {Symposium on Theory of Computing ({STOC} 2010)},
  pages     = {603--610},
  publisher = {{ACM}},
  year      = {2010}
}

@inproceedings{AVY15,
  author    = {Amir Abboud and
               Virginia Vassilevska Williams and
               Huacheng Yu},
  title     = {Matching Triangles and Basing Hardness on an Extremely Popular Conjecture},
  booktitle = {Symposium on Theory of Computing ({STOC} 2015)},
  pages     = {41--50},
  publisher = {{ACM}},
  year      = {2015}
}

@article{ES12,
  author    = {Gy{\"{o}}rgy Elekes and
               Endre Szab{\'{o}}},
  title     = {How to find groups? (and how to use them in {Erd{\H{o}}s} geometry?)},
  journal   = {Combinatorica},
  volume    = {32},
  number    = {5},
  pages     = {537--571},
  year      = {2012}
}

@article{Sp72,
  title={Tur{\'a}n's theorem for k-graphs},
  author={Spencer, Joel},
  journal={Discrete Mathematics},
  volume={2},
  number={2},
  pages={183--186},
  year={1972},
  publisher={Elsevier}
}

@inproceedings{G10,
  author    = {Rafael Grimson},
  title     = {An Efficient Algorithm for the Sign Condition Problem in the Semi-algebraic
               Context},
  booktitle = {{GMP}},
  series    = {Lecture Notes in Computer Science},
  volume    = {6130},
  pages     = {57--76},
  publisher = {Springer},
  year      = {2010}
}


@inproceedings{RSZ15,
  author    = {Orit E. Raz and
               Micha Sharir and
               Frank de Zeeuw},
  title     = {Polynomials Vanishing on Cartesian Products: The
			   {Elekes}-{Szab{\'{o}}}
               Theorem Revisited},
  booktitle = {International Symposium on Computational Geometry ({SoCG} 2015)},
  series    = {LIPIcs},
  volume    = {34},
  pages     = {522--536},
  year      = {2015}
}


@article{AA92,
  author    = {Pankaj K. Agarwal and
               Boris Aronov},
  title     = {Counting Facets and Incidences},
  journal   = {Discrete {\&} Computational Geometry},
  volume    = {7},
  pages     = {359--369},
  year      = {1992}
}


@article{PS98,
  author    = {J{\'{a}}nos Pach and
               Micha Sharir},
  title     = {On the Number of Incidences Between Points and Curves},
  journal   = {Combinatorics, Probability {\&} Computing},
  volume    = {7},
  number    = {1},
  pages     = {121--127},
  year      = {1998}
}

@article{CEGSW90,
  author    = {Kenneth L. Clarkson and
               Herbert Edelsbrunner and
               Leonidas J. Guibas and
               Micha Sharir and
               Emo Welzl},
  title     = {Combinatorial Complexity Bounds for Arrangement of Curves and Spheres},
  journal   = {Discrete {\&} Computational Geometry},
  volume    = {5},
  pages     = {99--160},
  year      = {1990}
}


@article{ST83,
  author    = {Endre Szemer{\'{e}}di and
               William T. Trotter},
  title     = {Extremal problems in discrete geometry},
  journal   = {Combinatorica},
  volume    = {3},
  number    = {3},
  pages     = {381--392},
  year      = {1983}
}


@article{BK03,
  author    = {Peter Bra{\ss} and
               Christian Knauer},
  title     = {On counting point-hyperplane incidences},
  journal   = {Computational Geometry},
  volume    = {25},
  number    = {1-2},
  pages     = {13--20},
  year      = {2003}
}


@article{Er96,
  author    = {Jeff Erickson},
  title     = {New Lower Bounds for {H}opcroft's Problem},
  journal   = {Discrete {\&} Computational Geometry},
  volume    = {16},
  number    = {4},
  pages     = {389--418},
  year      = {1996}
}


@article{Fr15,
  author    = {Freund, Ari},
  title     = {Improved Subquadratic {3SUM}},
  journal   = {Algorithmica},
  year      = {2015},
  publisher = {Springer},
  pages     = {1--19}
}

@inproceedings{GS15,
  author    = {Omer Gold and
               Micha Sharir},
  title     = {Improved Bounds for {3SUM}, {k-SUM}, and Linear Degeneracy},
  booktitle = {Annual European Symposium on Algorithms ({ESA} 2017)},
  series    = {LIPIcs},
  volume    = {87},
  pages     = {42:1--42:13},
  publisher = {Schloss Dagstuhl - Leibniz-Zentrum fuer Informatik},
  year      = {2017}
}


@article{Fr76,
  author    = {Michael L. Fredman},
  title     = {How Good is the Information Theory Bound in Sorting?},
  journal   = {Theoretical Computer Science},
  volume    = {1},
  number    = {4},
  pages     = {355--361},
  year      = {1976}
}

@article{HPSS75,
  author    = {L. H. Harper and
               Thomas H. Payne and
               John E. Savage and
               Ernst G. Straus},
  title     = {Sorting {X} + {Y}},
  journal   = {Communications of the {ACM}},
  volume    = {18},
  number    = {6},
  pages     = {347--349},
  year      = {1975}
}


@inproceedings{AVW14,
  author    = {Amir Abboud and
               Virginia Vassilevska Williams and
               Oren Weimann},
  title     = {Consequences of Faster Alignment of Sequences},
  booktitle = {International Colloquium on Automata ({ICALP} 2014)},
  series    = {Lecture Notes in Computer Science},
  volume    = {8572},
  pages     = {39--51},
  year      = {2014}
}

@inproceedings{ACLL14,
  author    = {Amihood Amir and
               Timothy M. Chan and
               Moshe Lewenstein and
               Noa Lewenstein},
  title     = {On Hardness of Jumbled Indexing},
  booktitle = {International Colloquium on Automata ({ICALP} 2014)},
  series    = {Lecture Notes in Computer Science},
  volume    = {8572},
  pages     = {114--125},
  year      = {2014}
}

@article{ER00,
  author    = {Gy{\"{o}}rgy Elekes and
               Lajos R{\'{o}}nyai},
  title     = {A Combinatorial Problem on Polynomials and Rational Functions},
  journal   = {Journal of Combinatorial Theory, Series {A}},
  volume    = {89},
  number    = {1},
  pages     = {1--20},
  year      = {2000}
}

@inproceedings{RSS14,
  author    = {Orit E. Raz and
               Micha Sharir and
               J{\'{o}}zsef Solymosi},
  title     = {Polynomials vanishing on grids: The {Elekes}-{R{\'{o}}nyai} problem revisited},
  booktitle = {International Symposium on Computational Geometry ({SoCG} 2014)},
  pages     = {251},
  publisher = {{ACM}},
  year      = {2014}
}

@article{EGPPSS92,
  author    = {Herbert Edelsbrunner and
               Leonidas J. Guibas and
               J{\'{a}}nos Pach and
               Richard Pollack and
               Raimund Seidel and
               Micha Sharir},
  title     = {Arrangements of Curves in the Plane --- Topology, Combinatorics and
               Algorithms},
  journal   = {Theoretical Computer Science},
  volume    = {92},
  number    = {2},
  pages     = {319--336},
  year      = {1992}
}

@inproceedings{MP15,
  author    = {Nabil H. Mustafa and J{\'{a}}nos Pach},
  title     = {On the {Z}arankiewicz Problem for Intersection Hypergraphs},
  booktitle = {Graph Drawing},
  series    = {Lecture Notes in Computer Science},
  volume    = {9411},
  pages     = {207--216},
  publisher = {Springer},
  year      = {2015}
}

@article{Ma93,
  author    = {Jir{\'{\i}} Matou{\v s}ek},
  title     = {Range Searching with Efficient Hierarchical Cutting},
  journal   = {Discrete {\&} Computational Geometry},
  volume    = {10},
  pages     = {157--182},
  year      = {1993},
}

@article{Alcala,
    author = {J{\'{a}}nos Pach and Micha Sharir},
    title = {Combinatorial Geometry with Algorithmic Applications --- The {Alcal{\'{a}}} Lectures},
    journal={AMS, Providence},
    year = {2009}
}

@article{CEGS91,
  author    = {Bernard Chazelle and
               Herbert Edelsbrunner and
               Leonidas J. Guibas and
               Micha Sharir},
  title     = {A Singly Exponential Stratification Scheme for Real Semi-Algebraic
               Varieties and its Applications},
  journal   = {Theoretical Computer Science},
  volume    = {84},
  number    = {1},
  pages     = {77--105},
  year      = {1991},
}

@article{CF90,
  author    = {Bernard Chazelle and
               Joel Friedman},
  title     = {A deterministic view of random sampling and its use in geometry},
  journal   = {Combinatorica},
  volume    = {10},
  number    = {3},
  pages     = {229--249},
  year      = {1990},
}

@article{AMS13,
  author    = {Pankaj K. Agarwal and
               Jir{\'{\i}} Matou{\v s}ek and
               Micha Sharir},
  title     = {On Range Searching with Semialgebraic Sets. {II}},
  journal   = {{SIAM} Journal on Computing},
  volume    = {42},
  number    = {6},
  pages     = {2039--2062},
  year      = {2013},
}

@article{Ch12,
  author    = {Timothy M. Chan},
  title     = {Optimal Partition Trees},
  journal   = {Discrete {\&} Computational Geometry},
  volume    = {47},
  number    = {4},
  pages     = {661--690},
  year      = {2012},
}

@inproceedings{SSS15,
  author    = {Micha Sharir and
               Adam Sheffer and
               Noam Solomon},
  title     = {Incidences with Curves in $\mathbb{R}^d$},
  booktitle = {Algorithms - {ESA} 2015 - 23rd Annual European Symposium, Patras,
               Greece, September 14-16, 2015, Proceedings},
  pages     = {977--988},
  year      = {2015},
}

% point location

@incollection{Sn04,
  author    = {Jack Snoeyink},
  title     = {Point Location},
  booktitle = {Handbook of Discrete and Computational Geometry, 2nd Edition},
  pages     = {767--785},
  publisher = {Chapman and Hall/CRC},
  year      = {2004}
}

@article{Mey84,
  title={A Polynomial Linear Search Algorithm for the $n$-Dimensional Knapsack Problem},
  author={Meyer auf der Heide, Friedhelm},
  journal={Journal of the {ACM}},
  volume={31},
  number={3},
  pages={668--676},
  year={1984},
  publisher={ACM}
}

@article{Mei93,
 author = {Stefan Meiser},
 issn = {0890-5401},
 journal = {Information and Computation},
 link = {http://www.sciencedirect.com/science/article/pii/S0890540183710576},
 number = {2},
 pages = {286--303},
 title = {Point Location in Arrangements of Hyperplanes},
 volume = {106},
 year = {1993}
}


@inproceedings{ES17,
  author    = {Esther Ezra and
               Micha Sharir},
  title     = {A Nearly Quadratic Bound for the Decision Tree Complexity of {k-SUM}},
  booktitle = {Proceedings of the International Symposium on Computational Geometry ({SoCG} 2017)},
  series    = {LIPIcs},
  volume    = {77},
  pages     = {41:1--41:15},
  publisher = {Schloss Dagstuhl - Leibniz-Zentrum fuer Informatik},
  year      = {2017}
}

@inproceedings{Ch18,
  author    = {Timothy M. Chan},
  title     = {More Logarithmic-Factor Speedups for {3SUM}, (median, +)-Convolution,
               and Some Geometric {3SUM}-Hard Problems},
  booktitle = {Symposium on Discrete Algorithms ({SODA} 2018)},
  pages     = {881--897},
  publisher = {{SIAM}},
  year      = {2018}
}

# order types

% Two main reasons

@book{Knu92,
  author    = {Donald E. Knuth},
  title     = {Axioms and Hulls},
  series    = {Lecture Notes in Computer Science},
  volume    = {606},
  publisher = {Springer},
  year      = {1992}
}

@book{Ed12,
  title={Algorithms in Combinatorial Geometry},
  author={Edelsbrunner, Herbert},
  volume={10},
  year={2012},
  publisher={Springer Science \& Business Media}
}

@book{Epp18,
  title={Forbidden Configurations in Discrete Geometry},
  author={Eppstein, David},
  year={2018},
  publisher={Cambridge University Press}
}

@incollection{Ya04,
  author    = {Chee K. Yap},
  title     = {Robust geometric computation},
  booktitle = {Handbook of Discrete and Computational Geometry, 2nd Edition},
  pages     = {927--952},
  publisher = {Chapman and Hall/CRC},
  year      = {2004}
}

% Order types

@incollection{RZ04,
  author    = {J{\"{u}}rgen Richter{-}Gebert and G{\"{u}}nter M. Ziegler},
  title     = {Oriented Matroids},
  booktitle = {Handbook of Discrete and Computational Geometry, 2nd Edition},
  pages     = {129--151},
  publisher = {Chapman and Hall/CRC},
  year      = {2004}
}


@article{FV11,
  author    = {Stefan Felsner and Pavel Valtr},
  title     = {Coding and Counting Arrangements of Pseudolines},
  journal   = {Discrete {\&} Computational Geometry},
  volume    = {46},
  number    = {3},
  pages     = {405--416},
  year      = {2011}
}

@article{GP86,
  author    = {Jacob E. Goodman and Richard Pollack},
  title     = {Upper Bounds for Configurations and Polytopes in $\mathbb{R}^d$},
  journal   = {Discrete {\&} Computational Geometry},
  volume    = {1},
  pages     = {219--227},
  year      = {1986}
}

@article{Al86,
	title={The number of polytopes configurations and real matroids},
	volume={33},
	number={1},
	journal={Mathematika},
	publisher={London Mathematical Society},
	author={Noga Alon},
	year={1986},
	pages={62–71}
}

@inproceedings{GPS89,
  author    = {Jacob E. Goodman and
               Richard Pollack and
               Bernd Sturmfels},
  title     = {Coordinate Representation of Order Types Requires Exponential Storage},
  booktitle = {Symposium on Theory of Computing ({STOC} 1989)},
  pages     = {405--410},
  publisher = {{ACM}},
  year      = {1989}
}

@book{Gr05,
  author    = {Branko Grünbaum},
  title     = {Convex Polytopes},
  publisher = {Springer},
  year      = {2005}
}

@article{Go80,
  title={Proof of a conjecture of {B}urr, {G}r{\"u}nbaum, and {S}loane},
  author={Goodman, Jacob E.},
  journal={Discrete Mathematics},
  volume={32},
  number={1},
  pages={27--35},
  year={1980},
  publisher={Elsevier}
}

@article{FL78,
  title={Oriented matroids},
  author={Folkman, Jon and Lawrence, Jim},
  journal={Journal of Combinatorial Theory, Series B},
  volume={25},
  number={2},
  pages={199--236},
  year={1978},
  publisher={Elsevier}
}

@article{Le26,
  title={Die teilung der projektiven ebene durch gerade oder pseudogerade},
  author={Levi, Friedrich},
  journal={Berichte {\"u}ber die Verhandlungen der S{\"a}chsischen Akademie der
           Wissenschaften zu Leipzig, Mathematisch-Physische Klasse},
  volume={78},
  pages={256--267},
  year={1926}
}

@article{Ri56,
  title={Teilungen der Ebene durch Geraden oder topologische Geraden},
  author={Ringel, Gerhard},
  journal={Mathematische Zeitschrift},
  volume={64},
  number={1},
  pages={79--102},
  year={1956},
  publisher={Springer}
}

@article{GP84,
  title={Semispaces of configurations, cell complexes of arrangements},
  author={Goodman, Jacob E. and Pollack, Richard},
  journal={Journal of Combinatorial Theory, Series A},
  volume={37},
  number={3},
  pages={257--293},
  year={1984},
  publisher={Elsevier}
}

@incollection{BLSWZ93,
  title={Oriented matroids},
  author={Bj{\"o}rner, Anders and Las Vergnas, Michel and Sturmfels, Bernd and White, Neil and Ziegler, G{\"u}nter M},
  booktitle={Encyclopedia of Mathematics},
  year={1993},
  publisher={Cambridge University Press},
  volume={46}
}

@article{GP83,
  title={Multidimensional sorting},
  author={Goodman, Jacob E. and Pollack, Richard},
  journal={SIAM Journal on Computing},
  volume={12},
  number={3},
  pages={484--507},
  year={1983},
  publisher={SIAM}
}

@incollection{GP93,
  title={Allowable sequences and order types in discrete and computational geometry},
  author={Goodman, Jacob E. and Pollack, Richard},
  booktitle={New Trends in Discrete and Computational Geometry},
  pages={103--134},
  year={1993},
  publisher={Springer}
}

@article{AAK02a,
  title={Enumerating order types for small point sets with applications},
  author={Aichholzer, Oswin and Aurenhammer, Franz and Krasser, Hannes},
  journal={Order},
  volume={19},
  number={3},
  pages={265--281},
  year={2002},
  publisher={Springer}
}


@article{NV98,
  title={A {R}amsey property of order types},
  author={Ne{\v{s}}et{\v{r}}il, Jaroslav and Valtr, Pavel},
  journal={Journal of Combinatorial Theory, Series A},
  volume={81},
  number={1},
  pages={88--107},
  year={1998},
  publisher={Elsevier}
}

@inproceedings{AK05,
  title={Abstract order type extension and new results on the rectilinear crossing number},
  author={Aichholzer, Oswin and Krasser, Hannes},
  booktitle={International Symposium on Computational Geometry ({SoCG} 2005)},
  pages={91--98},
  year={2005},
  organization={ACM}
}

@inproceedings{AK01,
  title={The point set order type data base: A collection of applications and results.},
  author={Aichholzer, Oswin and Krasser, Hannes},
  booktitle={Canadian Conference in Computational Geometry ({CCCG} 2001)},
  pages={17--20},
  year={2001}
}

@article{BRS92,
  title={On the distribution of order types},
  author={Bokowski, J{\"u}rgen and Richter-Gebert, J{\"u}rgen and Schindler, Werner},
  journal={Computational Geometry},
  volume={1},
  number={3},
  pages={127--142},
  year={1992},
  publisher={Elsevier}
}

@article{ACKLV16,
  title={Reconstructing Point Set Order Types from Radial Orderings},
  author={Aichholzer, Oswin and Cardinal, Jean and Kusters, Vincent and Langerman, Stefan and Valtr, Pavel},
  journal={International Journal of Computational Geometry \& Applications},
  volume={26},
  number={3-4},
  pages={167--184},
  year={2016},
  publisher={World Scientific}
}

@inproceedings{AKMPW15,
  title={An optimal algorithm for reconstructing point set order types from radial orderings},
  author={Aichholzer, Oswin and Kusters, Vincent and Mulzer, Wolfgang and Pilz, Alexander and Wettstein, Manuel},
  booktitle={International Symposium on Algorithms and Computation ({ISAAC} 2015)},
  pages={505--516},
  year={2015},
  organization={Springer}
}

@article{HMMS11,
  title={Order types of convex bodies},
  author={Hubard, Alfredo and Montejano, Luis and Mora, Emiliano and Suk, Andrew},
  journal={Order},
  volume={28},
  number={1},
  pages={121--130},
  year={2011},
  publisher={Springer}
}

@inproceedings{AAK02b,
  title={On the crossing number of complete graphs},
  author={Aichholzer, Oswin and Aurenhammer, Franz and Krasser, Hannes},
  booktitle={International Symposium on Computational Geometry ({SoCG} 2002)},
  pages={19--24},
  year={2002},
  organization={ACM}
}

@article{MMIB12,
  title={Matroid enumeration for incidence geometry},
  author={Matsumoto, Yoshitake and Moriyama, Sonoko and Imai, Hiroshi and Bremner, David},
  journal={Discrete \& Computational Geometry},
  volume={47},
  number={1},
  pages={17--43},
  year={2012},
  publisher={Springer}
}

@article{GP91,
  title={The complexity of point configurations},
  author={Goodman, Jacob E. and Pollack, Richard},
  journal={Discrete Applied Mathematics},
  volume={31},
  number={2},
  pages={167--180},
  year={1991},
  publisher={Elsevier}
}

@article{AMP13,
  title={Extreme point and halving edge search in abstract order types},
  author={Aichholzer, Oswin and Miltzow, Tillmann and Pilz, Alexander},
  journal={Computational Geometry},
  volume={46},
  number={8},
  pages={970--978},
  year={2013},
  publisher={Elsevier}
}

@article{AKPV14,
  title={Geodesic order types},
  author={Aichholzer, Oswin and Korman, Matias and Pilz, Alexander and Vogtenhuber, Birgit},
  journal={Algorithmica},
  volume={70},
  number={1},
  pages={112--128},
  year={2014},
  publisher={Springer}
}

@article{BMS01,
  author    = {J{\"{u}}rgen Bokowski and
               Susanne Mock and
               Ileana Streinu},
  title     = {On the {F}olkman-{L}awrence Topological Representation Theorem for Oriented
               Matroids of Rank 3},
  journal   = {European Journal of Combinatorics},
  volume    = {22},
  number    = {5},
  pages     = {601--615},
  year      = {2001}
}

@inproceedings{Fe96,
  title={On the number of arrangements of pseudolines},
  author={Felsner, Stefan},
  booktitle={International Symposium on Computational Geometry ({SoCG} 1996)},
  pages={30--37},
  year={1996},
  organization={ACM}
}

@inproceedings{AILOW14,
  author    = {Greg Aloupis and
               John Iacono and
               Stefan Langerman and
               {\"{O}}zg{\"{u}}r {\"{O}}zkan and
               Stefanie Wuhrer},
  title     = {The Complexity of Order Type Isomorphism},
  booktitle = {Symposium on Discrete Algorithms ({SODA} 2014)},
  pages     = {405--415},
  publisher = {SIAM},
  year      = {2014}
}

@article{Ri89,
  title   = {Kombinatorische Realisierbarkeitskriterien für orientierte Matroide},
  author  = {Richter, J{\"u}rgen},
  journal = {Mitteilungen aus dem Mathem. Seminar Giessen},
  volume  = {194},
  pages   = {1--112},
  year    = {1989}
}

@inproceedings{St97,
  author    = {Ileana Streinu},
  title     = {Clusters of Stars},
  booktitle = {International Symposium on Computational Geometry ({SoCG} 1997)},
  pages     = {439--441},
  publisher = {ACM},
  year      = {1997}
}

@article{EHN99,
  author    = {Hazel Everett and
               Ferran Hurtado and
               Marc Noy},
  title     = {Stabbing Information of a Simple Polygon},
  journal   = {Discrete Applied Mathematics},
  volume    = {91},
  number    = {1-3},
  pages     = {67--82},
  year      = {1999}
}

@book{BMP05,
  author    = {Peter Brass and
               William O. J. Moser and
               J{\'{a}}nos Pach},
  title     = {Research problems in discrete geometry},
  publisher = {Springer},
  year      = {2005}
}


@article{HM94,
  title     = {The {E}sther {K}lein problem in the projective plane},
  author    = {Harborth, Heiko and M{\"o}ller, Meinhard},
  journal   = {Journal of Combinatorial Mathematics and Combinatorial Computing},
  volume    = {15},
  pages     = {171--179},
  year      = {1994}
}

@article{EOS86,
  author    = {Herbert Edelsbrunner and
               Joseph O'Rourke and
               Raimund Seidel},
  title     = {Constructing Arrangements of Lines and Hyperplanes with Applications},
  journal   = {{SIAM} Journal on Computing},
  volume    = {15},
  number    = {2},
  pages     = {341--363},
  year      = {1986}
}

% Algebraic Geometry

@book{BPR06,
  author    = {Basu, Saugata and Pollack, Richard and Roy, Marie-Fran{\c{c}}oise},
  title     = {Algorithms in real algebraic geometry},
  publisher = {Springer},
  series    = {Algorithms and Computation in Mathematics},
  volume    = {10},
  year      = {2006}
}

@article{Mi64,
  title={On the {B}etti numbers of real varieties},
  author={Milnor, John},
  journal={Proceedings of the American Mathematical Society},
  volume={15},
  number={2},
  pages={275--280},
  year={1964},
  publisher={JSTOR}
}

@inproceedings{Th65,
  title={Sur L’Homologie des Vari{\'e}t{\'e}s Alg{\'e}briques},
  author={Thom, Ren{\'e}},
  booktitle={Differential and Combinatorial Topology (A Symposium in Honor of Marston Morse)},
  pages={255--265},
  year={1965}
}


% Pseudoline Arrangements

@article{GP80,
  title={Proof of {G}r{\"u}nbaum's conjecture on the stretchability of certain arrangements of pseudolines},
  author={Goodman, Jacob E. and Pollack, Richard},
  journal={Journal of Combinatorial Theory, Series A},
  volume={29},
  number={3},
  pages={385--390},
  year={1980},
  publisher={Elsevier}
}

@book{GO04,
  editor    = {Jacob E. Goodman and Joseph O'Rourke},
  title     = {Handbook of Discrete and Computational Geometry, 2nd Edition},
  publisher = {Chapman and Hall/CRC},
  year      = {2004}
}


@incollection{Hal04,
  author    = {Dan Halperin},
  title     = {Arrangements},
  booktitle = {Handbook of Discrete and Computational Geometry, 2nd Edition},
  pages     = {529--562},
  publisher = {Chapman and Hall/CRC},
  year      = {2004}
}


@incollection{Goo04,
  author    = {Jacob E. Goodman},
  title     = {Pseudoline Arrangements},
  booktitle = {Handbook of Discrete and Computational Geometry, 2nd Edition},
  pages     = {97--128},
  publisher = {Chapman and Hall/CRC},
  year      = {2004}
}

% Hierarchical Cuttings

@article{C93,
 author = {Bernard Chazelle},
 journal = {Discrete {\&} Computational Geometry},
 pages = {145--158},
 title = {Cutting Hyperplanes for Divide-and-Conquer},
 volume = {9},
 year = {1993}
}

% Zone Theorem

@article{CGL85,
  author    = {Bernard Chazelle and
               Leonidas J. Guibas and
               D. T. Lee},
  title     = {The Power of Geometric Duality},
  journal   = {{BIT} Numerical Mathematics},
  volume    = {25},
  number    = {1},
  pages     = {76--90},
  year      = {1985}
}

@inproceedings{BEPY90,
  author    = {Marshall W. Bern and
               David Eppstein and
               Paul E. Plassmann and
               F. Frances Yao},
  title     = {Horizon Theorems for Lines and Polygons},
  booktitle = {Discrete \& Computational Geometry},
  series    = {{DIMACS} Series in Discrete Mathematics and Theoretical Computer Science},
  volume    = {6},
  pages     = {45--66},
  publisher = {{DIMACS/AMS}},
  year      = {1990}
}

@article{ESS93,
  author    = {Herbert Edelsbrunner and
               Raimund Seidel and
               Micha Sharir},
  title     = {On the Zone Theorem for Hyperplane Arrangements},
  journal   = {{SIAM} Journal on Computing},
  volume    = {22},
  number    = {2},
  pages     = {418--429},
  year      = {1993}
}

% Worst-case Constant Query Time Hash Tables

@article{PR04,
  author    = {Rasmus Pagh and
               Flemming Friche Rodler},
  title     = {Cuckoo hashing},
  journal   = {Journal of Algorithms},
  volume    = {51},
  number    = {2},
  pages     = {122--144},
  year      = {2004}
}


@article{FKS84,
  author    = {Michael L. Fredman and
               J{\'{a}}nos Koml{\'{o}}s and
               Endre Szemer{\'{e}}di},
  title     = {Storing a Sparse Table with {O(1)} Worst Case Access Time},
  journal   = {Journal of the {ACM}},
  volume    = {31},
  number    = {3},
  pages     = {538--544},
  year      = {1984}
}

% Rank-Select

@inproceedings{BH17,
  author    = {Tim Baumann and
               Torben Hagerup},
  title     = {Rank-Select Indices Without Tears},
  booktitle = {Algorithms and Data Structures Symposium ({WADS} 2019)},
  year      = {2019}
}

@article{RRS07,
  author    = {Rajeev Raman and
               Venkatesh Raman and
               Srinivasa Rao Satti},
  title     = {Succinct indexable dictionaries with applications to encoding $k$-ary
               trees, prefix sums and multisets},
  journal   = {{ACM} Transactions on Algorithms},
  volume    = {3},
  number    = {4},
  pages     = {43},
  year      = {2007}
}

% Succinct Data Structures

@phdthesis{Ja88,
  title={Succinct static data structures},
  author={Jacobson, Guy Joseph},
  year={1988},
  school={Carnegie Mellon University}
}

@inproceedings{RRS01,
  author    = {Rajeev Raman and
               Venkatesh Raman and
               Srinivasa Rao Satti},
  title     = {Succinct Dynamic Data Structures},
  booktitle = {Algorithms and Data Structures Symposium ({WADS} 2001)},
  series    = {Lecture Notes in Computer Science},
  volume    = {2125},
  pages     = {426--437},
  publisher = {Springer},
  year      = {2001}
}


@inproceedings{Pa08,
  author    = {Mihai P{\u a}tra{\cb s}cu},
  title     = {Succincter},
  booktitle = {Foundations of Computer Science ({FOCS})},
  pages     = {305--313},
  publisher = {{IEEE} Computer Society},
  year      = {2008}
}

@inproceedings{DPT10,
  author    = {Yevgeniy Dodis and
               Mihai P{\u a}tra{\cb s}cu and
               Mikkel Thorup},
  title     = {Changing base without losing space},
  booktitle = {Proceedings of the 42nd {ACM} Symposium on Theory of Computing ({STOC} 2010)},
  pages     = {593--602},
  year      = {2010},
}

@inproceedings{Vi08,
  author    = {Sebastiano Vigna},
  title     = {Broadword Implementation of Rank/Select Queries},
  booktitle = {Proceedings of the 7th International Workshop on Experimental Algorithms ({WEA} 2008)},
  series    = {Lecture Notes in Computer Science},
  volume    = {5038},
  pages     = {154--168},
  publisher = {Springer},
  year      = {2008}
}



% Iterated Logarithm

@article{Ma93,
 author = {Jir{\'{\i}} Matou{\v s}ek},
 journal = {Discrete {\&} Computational Geometry},
 pages = {157--182},
 title = {Range Searching with Efficient Hierarchical Cutting},
 volume = {10},
 year = {1993}
}

% seminal paper

@article{GO95,
  title     = {On a Class of ${O}(n^2)$ Problems in Computational Geometry},
  author    = {Anka Gajentaan and Mark H. Overmars},
  journal   = {Computational Geometry},
  volume    = {5},
  pages     = {165--185},
  year      = {1995}
}

% lower bounds

@article{Er99b,
  author    = {Jeff Erickson},
  title     = {New Lower Bounds for Convex Hull Problems in Odd Dimensions},
  journal   = {{SIAM} Journal on Computing},
  volume    = {28},
  number    = {4},
  pages     = {1198--1214},
  year      = {1999}
}


@article{Er99a,
  author    = {Jeff Erickson},
  title     = {Lower Bounds for Linear Satisfiability Problems},
  journal   = {Chicago Journal of Theoretical Computer Science},
  year      = {1999}
}


@inproceedings{PW10,
  author    = {Mihai P{\u a}tra{\cb s}cu and
               Ryan Williams},
  title     = {On the Possibility of Faster {SAT} Algorithms},
  booktitle = {Proceedings of the Twenty-First Annual {ACM-SIAM} Symposium on Discrete
               Algorithms ({SODA} 2010)},
  pages     = {1065--1075},
  year      = {2010},
}

@article{AC05,
 author = {Nir Ailon and Bernard Chazelle},
 journal = {Journal of the {ACM}},
 number = {2},
 pages = {157--171},
 title = {Lower bounds for linear degeneracy testing},
 volume = {52},
 year = {2005}
}

@article{SY82,
  author    = {J. Michael Steele and Andrew Yao},
  title     = {Lower Bounds for Algebraic Decision Trees},
  journal   = {Journal of Algorithms},
  volume    = {3},
  number    = {1},
  pages     = {1--8},
  year      = {1982}
}

@inproceedings{Be83,
  author    = {Michael Ben-Or},
  title     = {Lower Bounds for Algebraic Computation Trees},
  booktitle = {Symposium on Theory of Computing ({STOC} 1983)},
  pages     = {80--86},
  publisher = {{ACM}},
  year      = {1983}
}


% subquadratic algorithm

@article{GP18,
  author    = {Allan Gr{\o}nlund and
               Seth Pettie},
  title     = {Threesomes, Degenerates, and Love Triangles},
  journal   = {Journal of the {ACM}},
  volume    = {65},
  number    = {4},
  pages     = {22:1--22:25},
  year      = {2018}
}

% near-optimal decision trees

@inproceedings{KLM18,
  author    = {Daniel M. Kane and
               Shachar Lovett and
               Shay Moran},
  title     = {Near-optimal linear decision trees for {k-SUM} and related problems},
  booktitle = {Symposium on Theory of Computing ({STOC} 2018)},
  pages     = {554--563},
  publisher = {{ACM}},
  year      = {2018}
}

@inproceedings{KLM18b,
  author    = {Daniel M. Kane and
               Shachar Lovett and
               Shay Moran},
  title     = {Generalized Comparison Trees for Point-Location Problems},
  booktitle = {International Colloquium on Automata ({ICALP})},
  series    = {LIPIcs},
  volume    = {107},
  pages     = {82:1--82:13},
  publisher = {Schloss Dagstuhl - Leibniz-Zentrum fuer Informatik},
  year      = {2018}
}

@article{HKL19,
  author    = {Max Hopkins and
               Daniel M. Kane and
               Shachar Lovett},
  journal   = {arXiv e-prints},
  note      = {\href{https://arxiv.org/abs/1907.03816}{arXiv:1907.03816 [cs.LG]}},
  title     = {The Power of Comparisons for Actively Learning Linear Classifiers},
  year      = {2019}
}



% order types paper

@inproceedings{CCILO19,
 author = {Jean Cardinal and Timothy M. Chan and John Iacono and Stefan Langerman and Aur{\'{e}}lien Ooms},
 booktitle = {Proceedings of the International Symposium on Computational Geometry ({SoCG} 2018)},
 pages = {20:1--20:14},
 publisher = {Schloss Dagstuhl - Leibniz-Zentrum fuer Informatik},
 series = {LIPIcs},
 title = {Subquadratic Encodings for Point Configurations},
 volume = {99},
 year = {2018}
}

% order types coordinate representation

@inproceedings{GPS89,
 author = {Jacob E. Goodman and Richard Pollack and Bernd Sturmfels},
 booktitle = {Symposium on Theory of Computing ({STOC} 1989)},
 pages = {405--410},
 publisher = {{ACM}},
 title = {Coordinate Representation of Order Types Requires Exponential Storage},
 year = {1989}
}

% Vandermonde

@article{St73,
  title={Die Berechnungskomplexit{\"a}t von elementarsymmetrischen Funktionen und von Interpolationskoeffizienten},
  author={Strassen, Volker},
  journal={Numerische Mathematik},
  volume={20},
  number={3},
  pages={238--251},
  year={1973},
  publisher={Springer}
}

@article{ASU75,
  title={Evaluating polynomials at fixed sets of points},
  author={Aho, Alfred V. and Steiglitz, Kenneth and Ullman, Jeffrey D.},
  journal={SIAM Journal on Computing},
  volume={4},
  number={4},
  pages={533--539},
  year={1975},
  publisher={SIAM}
}

@techreport{Ku73a,
  title={Fast evaluation and interpolation},
  author={Kung, Hsiang-Tsung},
  year={1973},
  institution={Carnegie Mellon University}
}

@techreport{Ku73b,
  title={A new upper bound on the complexity of derivative evaluation},
  author={Kung, Hsiang-Tsung},
  year={1973},
  institution={Carnegie Mellon University}
}

% range spaces and epsilon nets

@article{H87,
  title={$\varepsilon$-nets and simplex range queries},
  author={Haussler, David and Welzl, Emo},
  journal={Discrete \& Computational Geometry},
  volume={2},
  number={1},
  pages={127--151},
  year={1987},
  publisher={Springer}
}

@article{AM94,
  author    = {Pankaj K. Agarwal and
               Ji{v{r}}{'{i}} Matou{v{s}}ek},
  title     = {On Range Searching with Semialgebraic Sets},
  journal   = {Discrete {\&} Computational Geometry},
  volume    = {11},
  pages     = {393--418},
  year      = {1994}
}


@inproceedings{YY85,
  author    = {Andrew Chi{-}Chih Yao and
               F. Frances Yao},
  title     = {A General Approach to d-Dimensional Geometric Queries},
  booktitle = {Symposium on Theory of Computing ({STOC} 1985)},
  pages     = {163--168},
  publisher = {{ACM}},
  year      = {1985}
}

% analysis

@article{BHS80,
  title={A general method for solving divide-and-conquer recurrences},
  author={Bentley, Jon Louis and Haken, Dorothea and Saxe, James B},
  journal={ACM SIGACT News},
  volume={12},
  number={3},
  pages={36--44},
  year={1980},
  publisher={ACM}
}

@book{CLRS09,
  title={Introduction to algorithms, 3rd Edition},
  author={Cormen, Thomas H and Leiserson, Charles E and Rivest, Ronald L and Stein, Clifford},
  year={2009},
  publisher={MIT press}
}

% vc dimension

@article{VC71,
  title={On the Uniform Convergence of Relative Frequencies of Events to Their Probabilities},
  author={Vapnik, VN and Chervonenkis, A Ya},
  journal={Theory of Probability \& Its Applications},
  volume={16},
  number={2},
  pages={264--280},
  year={1971},
  publisher={SIAM}
}

@article{She72,
  title={A combinatorial problem; stability and order for models and theories in infinitary languages},
  author={Shelah, Saharon},
  journal={Pacific Journal of Mathematics},
  volume={41},
  number={1},
  pages={247--261},
  year={1972},
  publisher={Mathematical Sciences Publishers}
}

@article{Sau72,
  title={On the density of families of sets},
  author={Sauer, Norbert},
  journal={Journal of Combinatorial Theory, Series A},
  volume={13},
  number={1},
  pages={145--147},
  year={1972},
  publisher={Elsevier}
}

% stretchability

@inproceedings{Mne85,
  title={On manifolds of combinatorial types of projective configurations and convex polyhedra},
  author={Mn{\"e}v, Nikolai E},
  booktitle={Soviet Mathematics --- Doklady},
  volume={32},
  pages={335--337},
  year={1985}
}

@inproceedings{Mne88,
  title={The universality theorems on the classification problem of configuration varieties and convex polytopes varieties},
  author={Mn{\"e}v, Nikolai E},
  booktitle={Topology and geometry --- Rohlin seminar},
  pages={527--543},
  year={1988},
  organization={Springer}
}

% word-RAM

@inproceedings{FW90,
  author    = {Michael L. Fredman and
               Dan E. Willard},
  title     = {{BLASTING} through the Information Theoretic Barrier with {FUSION}
               {TREES}},
  booktitle = {Symposium on Theory of Computing ({STOC} 1990)},
  pages     = {1--7},
  publisher = {{ACM}},
  year      = {1990}
}

% real-RAM

@phdthesis{Sha78,
  title={Computational geometry.},
  author={Shamos, Michael Ian},
  year={1978},
  school={Yale University}
}
