@article{BEHW89,
  author    = {Anselm Blumer and
               Andrzej Ehrenfeucht and
               David Haussler and
               Manfred K. Warmuth},
  title     = {Learnability and the Vapnik-Chervonenkis dimension},
  journal   = {J. {ACM}},
  volume    = {36},
  number    = {4},
  pages     = {929--965},
  year      = {1989}
}

@phdthesis{F01,
  title  = {Complexité et expressibilité sur les réels},
  author = {Hervé Fournier},
  year   = {2001},
  school = {École normale supérieure de Lyon},
}

@article{CFJJM10,
  title={An efficient algorithm for partial order production},
  author={Cardinal, Jean and Fiorini, Samuel and Joret, Gwena{\"e}l and Jungers, Rapha{\"e}l M and Munro, J Ian},
  journal={SIAM journal on computing},
  volume={39},
  number={7},
  pages={2927--2940},
  year={2010},
  publisher={SIAM}
}

@article{CFJJM13,
  title={Sorting under partial information (without the ellipsoid algorithm)},
  author={Cardinal, Jean and Fiorini, Samuel and Joret, Gwena{\"e}l and Jungers, Rapha{\"e}l M and Munro, J Ian},
  journal={Combinatorica},
  volume={33},
  number={6},
  pages={655--697},
  year={2013},
  publisher={Springer}
}

@article{SS95,
  author    = {William L. Steiger and Ileana Streinu},
  title     = {A Pseudo-Algorithmic Separation of Lines from Pseudo-Lines},
  journal   = {Information Processing Letters},
  volume    = {53},
  number    = {5},
  pages     = {295--299},
  year      = {1995}
}

@article{GS15,
   author = {Gold, O. and Sharir, M.},
    title = {Improved Bounds for {3SUM}, $k$-{SUM}, and Linear Degeneracy},
  journal = {ArXiv e-prints},
     year = {2015},
     note = {\href{http://arxiv.org/abs/1512.05279}{arXiv:1512.05279 [cs.DS]}}
}

@article{F15,
  year={2015},
  journal={Algorithmica},
  title={Improved Subquadratic {3SUM}},
  publisher={Springer},
  author={Freund, Ari},
  note={To appear}
}

@inproceedings{ACLL14,
  author    = {Amihood Amir and
               Timothy M. Chan and
               Moshe Lewenstein and
               Noa Lewenstein},
  title     = {On Hardness of Jumbled Indexing},
  booktitle = {International Colloquium on Automata, Languages, and Programming
			   ({ICALP} 2014)},
  series    = {Lecture Notes in Computer Science},
  volume    = {8572},
  pages     = {114--125},
  publisher = {Springer},
  year      = {2014},
}

@inproceedings{AVW14,
  author    = {Amir Abboud and
               Virginia Vassilevska Williams and
               Oren Weimann},
  title     = {Consequences of Faster Alignment of Sequences},
  booktitle = {International Colloquium on Automata, Languages, and Programming
               ({ICALP} 2014)},
  series    = {Lecture Notes in Computer Science},
  volume    = {8572},
  pages     = {39--51},
  publisher = {Springer},
  year      = {2014}
}

@inproceedings{BH99,
  author    = {Gill Barequet and
               Sariel Har{-}Peled},
  title     = {Polygon-containment and Translational min-Hausdorff-Distance between
               segment Sets are {3SUM}-hard},
  booktitle = {Symposium on Discrete Algorithms ({SODA} 1999)},
  pages     = {862--863},
  year      = {1999},
}

@inproceedings{P10,
  author    = {Mihai Patrascu},
  title     = {Towards polynomial lower bounds for dynamic problems},
  booktitle = {Symposium on Theory of Computing ({STOC} 2010)},
  pages     = {603--610},
  year      = {2010},
}


@article{MO01,
  author    = {Joseph S. B. Mitchell and
               Joseph O'Rourke},
  title     = {Computational Geometry Column 42},
  journal   = {Int. J. Comput. Geometry Appl.},
  volume    = {11},
  number    = {5},
  pages     = {573--582},
  year      = {2001},
}

@article{CGIMPS15,
  author    = {Marco Carmosino and
               Jiawei Gao and
               Russell Impagliazzo and
               Ivan Mikhailin and
               Ramamohan Paturi and
               Stefan Schneider},
  title     = {Nondeterministic extensions of the Strong Exponential Time Hypothesis
               and consequences for non-reducibility},
  journal   = {Electronic Colloquium on Computational Complexity ({ECCC} 2015)},
  volume    = {22},
  pages     = {148},
  year      = {2015},
}

@article{KPP14,
   author = {{Kopelowitz}, T. and {Pettie}, S. and {Porat}, E.},
    title = {Higher Lower Bounds from the {3SUM} Conjecture},
  journal = {ArXiv e-prints},
     year = {2014},
     note = {\href{http://arxiv.org/abs/1407.6756}{arXiv:1407.6756 [cs.DS]}}
}

@inproceedings{W14,
  author    = {Joshua R. Wang},
  title     = {Space-Efficient Randomized Algorithms for $k$-{SUM}},
  booktitle = {European Symposium on Algorithms ({ESA} 2014)},
  series    = {Lecture Notes in Computer Science},
  volume    = {8737},
  pages     = {810--829},
  publisher = {Springer},
  year      = {2014}
}

@inproceedings{ALW14,
author="Abboud, Amir
and Lewi, Kevin
and Williams, Ryan",
title="Losing Weight by Gaining Edges",
booktitle="European Symposium on Algorithms ({ESA} 2014)",
year="2014",
publisher="Springer",
pages="1--12"
}

@inproceedings{AWY15,
  author    = {Amir Abboud and
               Virginia Vassilevska Williams and
               Huacheng Yu},
  title     = {Matching Triangles and Basing Hardness on an Extremely Popular Conjecture},
  booktitle = {Symposium on Theory of Computing ({STOC} 2015)},
  pages     = {41--50},
  year      = {2015},
}

@inproceedings{CL15,
  author    = {Timothy M. Chan and
               Moshe Lewenstein},
  editor    = {Rocco A. Servedio and
               Ronitt Rubinfeld},
  title     = {Clustered Integer {3SUM} via Additive Combinatorics},
  booktitle = {Symposium on Theory of Computing ({STOC} 2015)},
  pages     = {31--40},
  publisher = {{ACM}},
  year      = {2015},
}

@inproceedings{PW10,
  author    = {Mihai Patrascu and
               Ryan Williams},
  title     = {On the Possibility of Faster {SAT} Algorithms},
  booktitle = {Symposium on Discrete Algorithms ({SODA} 2010)},
  pages     = {1065--1075},
  year      = {2010},
}

@book{GO04,
  editor    = {Jacob E. Goodman and
               Joseph O'Rourke},
  title     = {Handbook of Discrete and Computational Geometry, Second Edition},
  publisher = {Chapman and Hall/CRC},
  year      = {2004},
}

@article{Cla88,
  author    = {Kenneth L. Clarkson},
  title     = {A Randomized Algorithm for Closest-Point Queries},
  journal   = {{SIAM} J. Comput.},
  volume    = {17},
  number    = {4},
  pages     = {830--847},
  year      = {1988},
}


@article{C93,
  author    = {Bernard Chazelle},
  title     = {Cutting Hyperplanes for Divide-and-Conquer},
  journal   = {Discrete {\&} Computational Geometry},
  volume    = {9},
  pages     = {145--158},
  year      = {1993},
}

@article{BDP08,
  author    = {Ilya Baran and
               Erik D. Demaine and
               Mihai Patrascu},
  title     = {Subquadratic Algorithms for {3SUM}},
  journal   = {Algorithmica},
  volume    = {50},
  number    = {4},
  pages     = {584--596},
  year      = {2008},
}

@inproceedings{GP14,
  title={Threesomes, degenerates, and love triangles},
  author={Gr{\o}nlund, Allan and Pettie, Seth},
  booktitle={Foundations of Computer Science ({FOCS} 2014)},
  pages={621--630},
  year={2014},
  organization={IEEE}
}

@article{AC05,
  author    = {Nir Ailon and Bernard Chazelle},
  title     = {Lower bounds for linear degeneracy testing},
  journal   = {J. {ACM}},
  volume    = {52},
  number    = {2},
  pages     = {157--171},
  year      = {2005},
}

@article{E99,
  author    = {Jeff Erickson},
  title     = {Lower Bounds for Linear Satisfiability Problems},
  journal   = {Chicago Journal of Theoretical Computer Science},
  year      = {1999}
}

@unpublished{K04,
  title={A Survey of {3SUM}-Hard Problems},
  author={King, James},
  year={2004},
  note={Not published}
}

@article{BH01,
  title={Polygon-containment and translational min-{H}ausdorff-distance between segments sets are {3SUM}-hard},
  author={Barequet, Gill and Har-Peled, Sariel},
  journal={International Journal of Computational Geometry \& Applications},
  volume={11},
  number={04},
  pages={465--474},
  year={2001},
  publisher={World Scientific}
}

@article{GO95,
  author    = {Anka Gajentaan and
               Mark H. Overmars},
  title     = {On a Class of ${O}(n^2)$ Problems in Computational Geometry},
  journal   = {Comput. Geom.},
  volume    = {5},
  pages     = {165--185},
  year      = {1995},
}

@book{B97,
  author    = {Peter B{\"{u}}rgisser and
               Michael Clausen and
               Mohammad Amin Shokrollahi},
  title     = {Algebraic complexity theory},
  series    = {Grundlehren der mathematischen Wissenschaften},
  volume    = {315},
  publisher = {Springer},
  year      = {1997},
}

@article{M93,
 author = {S. Meiser},
 journal = {Information and Computation},
 number = {2},
 pages = {286--303},
 title = {Point Location in Arrangements of Hyperplanes},
 volume = {106},
 year = {1993}
}

@article{B43,
  title={Partition of space},
  author={Buck, RC},
  journal={American Mathematical Monthly},
  pages={541--544},
  year={1943},
  publisher={JSTOR}
}

@article{M02,
  title={Lectures on discrete geometry, volume 212 of},
  author={Matoušek, Jiří},
  journal={Graduate Texts in Mathematics},
  pages={323--362},
  year={2002}
}

@article{C87,
  title={New applications of random sampling in computational geometry},
  author={Clarkson, Kenneth L},
  journal={Discrete \& Computational Geometry},
  volume={2},
  number={1},
  pages={195--222},
  year={1987},
  publisher={Springer}
}

@article{M84,
  title={A Polynomial Linear Search Algorithm for the $n$-Dimensional Knapsack Problem},
  author={Meyer auf der Heide, Friedhelm},
  journal={J. {ACM}},
  volume={31},
  number={3},
  pages={668--676},
  year={1984},
  publisher={ACM}
}

@inproceedings{DL74,
  author    = {David P. Dobkin and
               Richard J. Lipton},
  title     = {On Some Generalizations of Binary Search},
  booktitle = {Symposium on Theory of Computing ({STOC} 1974)},
  pages     = {310--316},
  year      = {1974},
}

@article{Y82,
  author    = {Andrew Chi{-}Chih Yao},
  title     = {On Parallel Computation for the Knapsack Problem},
  journal   = {J. {ACM}},
  volume    = {29},
  number    = {3},
  pages     = {898--903},
  year      = {1982},
}

@article{H87,
  title={$\varepsilon$-nets and simplex range queries},
  author={Haussler, David and Welzl, Emo},
  journal={Discrete \& Computational Geometry},
  volume={2},
  number={1},
  pages={127--151},
  year={1987},
  publisher={Springer}
}

@article{DL78,
  author    = {David P. Dobkin and
               Richard J. Lipton},
  title     = {A Lower Bound of the $\frac{1}{2} n^2$ on Linear Search Programs
               for the Knapsack Problem},
  journal   = {J. Comput. Syst. Sci.},
  volume    = {16},
  number    = {3},
  pages     = {413--417},
  year      = {1978},
}
